@online{dCpp,
author = {Žiga Sajovic},
  title = {dCpp},
  year = {2016},
  Eprinttype ={gitHub},
       url = {https://github.com/zigasajovic/dCpp},
}
@online{OperationalCalculus,
Author = {Žiga Sajovic and Martin Vuk},
Title = {Operational calculus on programming spaces},
Year = {2016},
Eprint = {1610.07690},
Eprinttype = {arXiv},
url={https://arxiv.org/abs/1610.07690},
}   
@book{Algebra,
title={Algebras, Rings and Modules},
author={Hazewinkel, Michiel and Gubareni and Nadiya Kirichenko and V.V.},
publisher={978-1-4020-2691-1},
year={2004},
isbn={ 978-0130047632},
section={p.3}
} 
@article{AD1, 
       author = {Pearlmutter, Barak A. and Siskind, Jeffrey M},
        title = "{Putting the Automatic Back into AD: Part II, Dynamic, Automatic, Nestable, and Fast
        (CVS: 1.1)}",
      journal = {ECE Technical Reports.},
         year = 2008,
        month = may,
       adsurl = {http://docs.lib.purdue.edu/cgi/viewcontent.cgi?article=1370&context=ecetr},
    }
@article{ClothoidSpline,
	author={Meek D. S. and Walton D. J.},
	title={Clothoid spline transition spirals},
	journal={Mathematics of computation},
	year={1992},
	url={http://www.ams.org/journals/mcom/1992-59-199/S0025-5718-1992-1134736-8/S0025-5718-1992-1134736-8.pdf},
}    
   
   @book{imageVariational,
     Author = {Tony Chan and Jianhong Shen},
     Title = {Image Processing And Analysis: Variational, Pde, Wavelet, And Stochastic Methods},
     Publisher = {Society for Industrial and Applied Mathematic},
     Year = {2005},
     ISBN = {089871589X},
   } 
   
   
   @article{Caselles1997,
   author={Caselles Vicent and Kimmel Ron and Sapiro Guillermo},
   title={Geodesic Active Contours},
   journal={International Journal of Computer Vision},
   year={1997},
   
   }
   
   @Article{inpaint,
   author={Arias, Pablo
   and Facciolo, Gabriele
   and Caselles, Vicent
   and Sapiro, Guillermo},
   title={A Variational Framework for Exemplar-Based Image Inpainting},
   journal={International Journal of Computer Vision},
   year={2011},
   }
      
     
